
@book{rossumPythonLanguageReference2010,
  title = {The {{Python}} Language Reference},
  author = {van Rossum, Guido and Drake, Fred L.},
  year = {2010},
  series = {Python Documentation Manual / {{Guido}} van {{Rossum}}; {{Fred L}}. {{Drake}} [Ed.]},
  edition = {Release 3.0.1 [Repr.]},
  number = {Pt. 2},
  publisher = {{Python Software Foundation}},
  address = {{Hampton, NH}},
  isbn = {978-1-4414-1269-0},
  langid = {english}
}


